<?xml version="1.0" encoding="UTF-8"?><record xmlns="http://www.loc.gov/MARC21/slim" xmlns:cinclude="http://apache.org/cocoon/include/1.0" xmlns:zs="http://www.loc.gov/zing/srw/">
  <leader>02668cz  a2200373n  4500</leader>
  <controlfield tag="001">n  84742056 </controlfield>
  <controlfield tag="003">DLC</controlfield>
  <controlfield tag="005">19940728060943.5</controlfield>
  <controlfield tag="008">850118n| acaaaaaa|          |a ana |||  </controlfield>
  <datafield tag="010" ind1=" " ind2=" ">
    <subfield code="a">n  84742056 </subfield>
  </datafield>
  <datafield tag="040" ind1=" " ind2=" ">
    <subfield code="a">DLC</subfield>
    <subfield code="c">DLC</subfield>
    <subfield code="d">DLC</subfield>
    <subfield code="d">CSfA</subfield>
  </datafield>
  <datafield tag="050" ind1=" " ind2=" ">
    <subfield code="a">HC681.3.E5</subfield>
    <subfield code="b">T66</subfield>
    <subfield code="d">those vols. also in series: SPREP topic review</subfield>
  </datafield>
  <datafield tag="130" ind1=" " ind2="0">
    <subfield code="a">Regional seas.</subfield>
    <subfield code="p">UNEP regional seas reports and studies</subfield>
  </datafield>
  <datafield tag="410" ind1="2" ind2="0">
    <subfield code="a">United Nations Environment Programme.</subfield>
    <subfield code="t">Regional seas.</subfield>
    <subfield code="p">UNEP regional seas reports and studies</subfield>
  </datafield>
  <datafield tag="430" ind1=" " ind2="0">
    <subfield code="a">Informes y estudios del programa de mares regionales del PNUMA</subfield>
  </datafield>
  <datafield tag="430" ind1=" " ind2="0">
    <subfield code="a">Mares regionales.</subfield>
    <subfield code="p">Informes y estudios del programa de mares regionales del PNUMA</subfield>
  </datafield>
  <datafield tag="430" ind1=" " ind2="0">
    <subfield code="a">Mers régionales.</subfield>
    <subfield code="p">PNUE rapports et études des mers régionales</subfield>
  </datafield>
  <datafield tag="430" ind1=" " ind2="0">
    <subfield code="a">PNUE rapports et études des mers régionales</subfield>
  </datafield>
  <datafield tag="430" ind1=" " ind2="0">
    <subfield code="a">UNEP regional seas reports and studies</subfield>
  </datafield>
  <datafield tag="642" ind1=" " ind2=" ">
    <subfield code="a">no. 25</subfield>
    <subfield code="5">DLC</subfield>
  </datafield>
  <datafield tag="643" ind1=" " ind2=" ">
    <subfield code="a">Geneva, Switzerland</subfield>
    <subfield code="b">United Nations Environment Programme</subfield>
  </datafield>
  <datafield tag="644" ind1=" " ind2=" ">
    <subfield code="a">p</subfield>
    <subfield code="d">those vols. not in series: GESAMP reports and studies</subfield>
    <subfield code="5">DLC</subfield>
  </datafield>
  <datafield tag="644" ind1=" " ind2=" ">
    <subfield code="a">f</subfield>
    <subfield code="d">those vols. also in series: GESAMP reports and studies</subfield>
    <subfield code="5">DLC</subfield>
  </datafield>
  <datafield tag="644" ind1=" " ind2=" ">
    <subfield code="a">n</subfield>
    <subfield code="d">those vols. also in series: SPREP topic review</subfield>
    <subfield code="5">DLC</subfield>
  </datafield>
  <datafield tag="645" ind1=" " ind2=" ">
    <subfield code="a">t</subfield>
    <subfield code="5">DLC</subfield>
  </datafield>
  <datafield tag="646" ind1=" " ind2=" ">
    <subfield code="a">s</subfield>
    <subfield code="d">those vols. not in another series and those vols. also in following series: MAP technical reports series; Reports and studies, issued with the Joint Group of Experts on the Scientific Aspects of Marine Pollution (also called GESAMP reports and studies)</subfield>
    <subfield code="5">DLC</subfield>
  </datafield>
  <datafield tag="646" ind1=" " ind2=" ">
    <subfield code="a">c</subfield>
    <subfield code="d">those vols. also in series: Topic review, issued by the South Pacific Regional Environment Programme (also called SPREP topic review)</subfield>
    <subfield code="5">DLC</subfield>
  </datafield>
  <datafield tag="667" ind1=" " ind2=" ">
    <subfield code="a">Technical report.  Generally, issues of this series are uncataloged in LC; they are in the Science and Technology Division. Cataloged volumes can be found by searching for the series heading above.</subfield>
  </datafield>
  <datafield tag="667" ind1=" " ind2=" ">
    <subfield code="a">Document</subfield>
  </datafield>
  <datafield tag="667" ind1=" " ind2=" ">
    <subfield code="a">Also issued and/or distributed by UNEP's Oceans and Coastal Areas Programme Activity Centre in Nairobi, Kenya</subfield>
  </datafield>
  <datafield tag="670" ind1=" " ind2=" ">
    <subfield code="a">United Nations Environment Programme. Marine pollution, 1983:</subfield>
    <subfield code="b">t.p. (Regional seas. UNEP regional seas reports and studies)</subfield>
  </datafield>
  <datafield tag="670" ind1=" " ind2=" ">
    <subfield code="a">Achievements and planned development ... 1982:</subfield>
    <subfield code="b">t.p. (UNEP regional seas reports and studies) publ. lstg. (UNEP regional seas reports and studies series)</subfield>
  </datafield>
  <datafield tag="670" ind1=" " ind2=" ">
    <subfield code="a">Quélennec, R.E. Extraction de sables coralliens et de coraux ... 1989:</subfield>
    <subfield code="b">t.p. (PNUE rapports et études des mers régionales; Mers régionales)</subfield>
  </datafield>
  <datafield tag="670" ind1=" " ind2=" ">
    <subfield code="a">Plan de acción para la conservación de los mamíferos marinos en el Pacífico Sudeste, 1992:</subfield>
    <subfield code="b">t.p. (Informes y estudios del programa de mares regionales del PNUMA)</subfield>
  </datafield>
</record>